<?xml version="1.0" encoding="UTF-8"?><collection xmlns="http://www.loc.gov/MARC21/slim"><record><leader>00429nam--2200133-i-4500</leader><controlfield tag="001">000006233</controlfield><controlfield tag="002">20161230</controlfield><controlfield tag="005">20170302000600</controlfield><controlfield tag="008">060222s1000------------r-----000-0-eng-d</controlfield><datafield ind1=" " ind2=" " tag="100"><subfield code="a">Diemer, Andreas</subfield></datafield><datafield ind1=" " ind2=" " tag="245"><subfield code="a">Das wesen der automatisierten elektronischen datenverarbeitung und ihre bedeutung fur die unternehmensleitung</subfield></datafield><datafield ind1=" " ind2=" " tag="260"><subfield code="a">Berlin</subfield><subfield code="b">Walter De Gruyter &amp; Co</subfield><subfield code="c">1962</subfield></datafield><datafield ind1=" " ind2=" " tag="300"><subfield code="a">240 p., 76 Fig</subfield></datafield><datafield ind1=" " ind2=" " tag="CAT"><subfield code="a">SYS</subfield><subfield code="c">20170302</subfield><subfield code="h">000600</subfield></datafield></record></collection>